@article{reinhart2015,
  title={Visualizing trumps vision in training attention},
  author={Reinhart, Robert MG and McClenahan, Laura J and Woodman, Geoffrey F},
  journal={Psychological science},
  pages={1114-1122},
  year={2015},
  publisher={SAGE Publications}
}
